@String{j-IEEE-TRANS-INF-THEORY = "IEEE Transactions on Information Theory"}
@String{pub-CRC                 = "CRC Press"}
@String{pub-ChapHall            = "Chapman \& Hall"}

%%%%%%%%%%%%%%%%%%%%%%%%%%%%%%%%%%%%%%%%%%%%%%%%%%%%%%%%%%%%%%%%%%%%%%%%%%%
@misc{Al-Riyami:2003:CPC,
  author = "S. Al-Riyami and K. Paterson",
  title = "Certificateless public key cryptography",
  text = "Sattam S. Al-Riyami and Kenneth G. Paterson. Certificateless public key
    cryptography. Cryptology ePrint Archive, Report 2003/126.",
  year = "2003",
  howpublished = {\url{http://eprint.iacr.org/2003/126}} 
}

@Misc{Barreto:2003:WRL,
  author =	 {P. S. L. M. Barreto and V. Rijmen},
  title =	 {The {Whirlpool} hashing function},
  howpublished = {\url{http://paginas.terra.com.br/informatica/paulobarreto/WhirlpoolPage.html}},
  note =	 {Primitive submitted to NESSIE, Setember 2000},
  annote =	 {revised on May 2003},
  year =         {2000}, 
}

@Misc{Barreto:2005:LGE,
  author =	 {Paulo Barreto},
  title =	 {The Pairing-Based Crypto Lounge},
  howpublished = {\url{http://paginas.terra.com.br/informatica/paulobarreto/pblounge.html}},
  year =         2007,
  note =	 {{\'U}ltima visita em 2/4/2007}
}

@InProceedings{Bennett:1982:QCT,
  author = 	 {C. H. Bennett and G. Brassard and S. Breidbart and S. Weisner},
  title = 	 {Quantum cryptography, or unforgeable subway tokens},
  booktitle = 	 {Proceedings of Crypto '82},
  pages =	 {267-275},
  year =	 1982,
  month =	 {aug},
  publisher =	 {Plenum Press}
}

@InProceedings{Bennett:1984:BB84,
  author = 	 {C. H. Bennett and G. Brassard},
  title = 	 {Quantum cryptography: Public-key distribution and coin tossing},
  booktitle = 	 {Proceedings of IEEE International Conference on Computers, Systems and Signal Processing},
  pages =	 {175-179},
  year =	 1984,
  address =	 {Bangalore, India},
  month =	 {dec}
}

@Article{Boneh:2003:IBC,
  author = 	 {D. Boneh and M. Franklin},
  title = 	 {Identity based encryption from the Weil pairing},
  journal = 	 {SIAM J. of Computing},
  year = 	 2003,
  volume =	 32,
  number =	 3,
  pages =	 {586--615}
}

@InProceedings{Cocks:2001:IDQ,
  author = 	 {C. Cocks},
  title = 	 {An Identity Based Encryption Scheme Based on Quadratic Residues},
  booktitle = 	 {Proceedings of the 8th IMA International Conference on Cryptography and Coding},
  year =	 2001
}

@Book{Coutinho:2003:RSA,
  author =	 {S. C. Coutinho},
  title = 	 {{N{\'u}meros Inteiros e Criptografia RSA}},
  publisher = 	 {IMPA},
  year = 	 2003,
  series =	 {S{\'e}rie de Computa{\c c}{\~a}o e Matem{\'a}tica },
  pages =        213, 
  edition =	 2
}

@article{Dahab:2006:ToC,
author = {Ricardo Dahab and Darrel Hankerson and Fei Hu and Men Long and Julio Lopez and Alfred Menezes},
title = {Software Multiplication Using Gaussian Normal Bases},
journal = {IEEE Transactions on Computers},
volume = {55},
number = {8},
year = {2006},
issn = {0018-9340},
pages = {974-984},
doi = {http://doi.ieeecomputersociety.org/10.1109/TC.2006.132},
publisher = {IEEE Computer Society},
address = {Los Alamitos, CA, USA},
}

@Article{Diffie:1976:NDC,
  author =       "W. Diffie and M. E. Hellman",
  title =        "New Directions in Cryptography",
  journal =      j-IEEE-TRANS-INF-THEORY,
  volume =       "IT-22",
  number =       "6",
  pages =        "644--654",
  month =        nov,
  year =         "1976",
  ISSN =         "0018-9448",
}

@Misc{AES:2006:ECR,  
  key  =	 {ECRYPT},
  title =	 {{AES Security Report}},
  howpublished = {\url{http://www.ecrypt.eu.org/documents.html}},
  year =         {2006},
  publisher =    {European Network of Excellence for Cryptology (ECRYPT)}
}

@Article{ElGamal:1985:PKD,
  author = 	 {T. ElGamal},
  title = 	 {`A public key cryptosystem and a signature scheme based on discrete logarithms},
  journal = 	 {IEEE Transactions on Information Theory},
  year = 	 1985,
  volume =	 31,
  number =       4,
  pages =	 {469--472},
}

@inproceedings{Ferreira:2002:SAC,
 author = {Lucas C. Ferreira and Ricardo Dahab},
 title = {Blinded-key signatures: securing private keys embedded in mobile agents},
 booktitle = {SAC '02: Proceedings of the 2002 ACM symposium on Applied computing},
 year = {2002},
 isbn = {1-58113-445-2},
 pages = {82--86},
 location = {Madrid, Spain},
 doi = {http://doi.acm.org/10.1145/508791.508808},
 publisher = {ACM Press},
 address = {New York, NY, USA},
 }

@Misc{FIPS::,
  key =          {FIPS},
  year =         {},
  title =	 {Federal Information Processing Standards Publications
({FIPS PUBS})},
  howpublished = {\url{http://www.itl.nist.gov/fipspubs/}}
}

@misc{Gorantla:2005:IBC,
    author = {M. C. Gorantla and R. Gangishetti and A. Saxena},
    title = {A Survey on ID-Based Cryptographic Primitives},
    howpublished = {Cryptology ePrint Archive, Report 2005/094},
    year = {2005},
    note = {\url{http://eprint.iacr.org/2005/094}}
}

@book{Hankerson:2004:HMV,
title={{Guide to elliptic curve cryptography}},
booktitle={{Guide to elliptic curve cryptography}},
author={Darrel Hankerson and Alfred Menezes and Scott Vanstone},
isbn={0--387--95273--X},
publisher={Springer},
address={New York},
year={2004}
}


@Misc{ISO:2004:HSH,
  author =	 {ISO/IEC Standard 10118-3:2004},
  title =	 {Information  technology - Security techniques - Hash-functions - Part 3: Dedicated hash-functions},
  howpublished = {\url{http://www.iso.ch/iso/en/CatalogueDetailPage.CatalogueDetail?CSNUMBER=39876&scopelist=}},
  year =	 2004
}

@Book{Kahn:1996:CSS,
  author =       "D. Kahn",
  title =        "The codebreakers: the story of secret writing",
  publisher =    "Scribner",
  address =      "New York, NY, USA",
  edition =      "Revised",
  pages =        "xviii + 1181",
  year =         "1996",
}

@Article{Koblitz:1987:ECC,
  author = 	 {N. Koblitz},
  title = 	 {Elliptic curve cryptosystems},
  journal = 	 {Mathematics of Computation},
  year = 	 1987,
  volume =	 48,
  pages =	 {203-209}
}

@book{Mao:2003:MC,
 author = {W. Mao},
 title = {Modern Cryptography: Theory and Practice},
 year = {2003},
 pages = 740,
 publisher = {Prentice Hall Professional Technical Reference},
 }

@Book{Menezes:1997:HAC,
  author =       "A. J. Menezes and P. C. van Oorschot
                 and S. A. Vanstone",
  title =        "Handbook of applied cryptography",
  publisher =    pub-CRC,
  pages =        "780",
  year =         "1997",
  series =       "The CRC Press series on discrete mathematics and its
                 applications",
}

@Book{Micciancio:2002:MG,
  author =	 {Daniele Micciancio and Shafi Goldwasser},
  title = 	 {Complexity of Lattice Problems: a cryptographic perspective},
  publisher = 	 {Kluwer Academic Publishers},
  series =       {The Kluwer International Series in Engineering and 
                  Computer Science},  
  year = 	 2002,
  volume =	 671,
  address =	 {Boston, Massachusetts},
  month =	 mar
}

@InProceedings{Miller:1986:ECC,
  author =       "Victor S. Miller",
  title =        "Use of Elliptic Curves in Cryptography",
  pages =        "417--426",
  booktitle =    "Proceedings of CRYPTO 85",
  editor =       "H. C. Williams",
  publisher =    "Springer",
  year =         "1986",
  note =         "Lecture Notes in Computer Science No.\ 218",
}

@proceedings{Monteiro:2002:ISC,
  editor    = {Agnes Hui Chan and
               Virgil D. Gligor},
  title     = {An Attack on a Protocol for Certified Delivery}, 
  booktitle = {ISC--Information Security, 5th International Conference, ISC 2002, Sao Paulo, Brazil, September 30 - October 2, 2002, Proceedings}},
  publisher = {Springer},
  series    = {Lecture Notes in Computer Science},
  volume    = {2433},
  year      = {2002},
  isbn      = {3-540-44270-7},
  pages     = {428-436}
}

@Misc{NIST::,
  key =          {NIST},
  year =         {},
  title =	 {National Institute of Standards and Technology (NIST)},
  howpublished = {\url{http://csrc.nist.gov/publications/nistpubs}},
}


@Misc{PKIX:1995:,
  key =	         {PKIX},
  title =	 {{IETF's Charter on Public-Key Infrastructure (X.509)}},
  howpublished = {\url{http://www.ietf.org/html.charters/pkix-charter.html}},
  year =	 1995
}

@Article{Rivest:1978:RSA,
  author =       "Ronald L. Rivest and Adi Shamir and Leonard M.
                 Adleman",
  title =        "A Method for Obtaining Digital Signatures and
                 Public-Key Cryptosystems",
  journal =      "Communications of the ACM",
  year =         "1978",
  mon =          Feb,
  volume =       "21",
  number =       "2",
  pages =        "120--126",
}

@Article{Schnorr:1991:SMC,
  author =       "C. P. Schnorr",
  title =        "Efficient signature generation by smart cards",
  journal =      "Journal of Cryptology",
  year =         "1991",
  volume =       "4",
  pages =        "161--174",
}

@Article{Shamir:1979:HSS,
  author =       "A. Shamir",
  title =        "How to Share a Secret",
  journal =      "Communications of the ACM",
  volume =       "22",
  number =       "11",
  pages =        "612--613",
  month =        "nov",
  year =         "1979",
}

@Article{Shamir:1985:IBC,
  author =       "A. Shamir",
  booktitle =    "Advances in cryptology (Santa Barbara, Calif., 1984)",
  title =        "Identity-based cryptosystems and signature schemes",
  journal =      "Lecture Notes in Computer Science",
  volume =       "196",
  pages =        "47--53",
  year =         "1985",
}

@Book{Singh:1999:CBE,
  author =       "Simon Singh",
  title =        "The Code Book: the evolution of secrecy from {Mary,
                 Queen of Scots}, to Quantum Cryptography",
  publisher =    "Doubleday",
  pages =        "xiii + 402",
  year =         "1999",
}


@Book{Stallings:2005:CNS,
  author =	 {W. Stallings},
  title = 	 {Cryptography and Network Security, principles and practices},
  publisher = 	 {Prentice Hall},
  year = 	 "2005",
  pages =        "592",
  edition =	 "4",
  month =	 {nov},
}

@Book{Stinson:1995:CTP,
  author =       "D. R. Stinson",
  title =        "Cryptography: theory and practice",
  publisher =    pub-CRC,
  edition =      1,
  pages =        "434",
  year =         "1995",
  ISBN =         "0-8493-8521-0",
  ISBN-13 =      "978-0-8493-8521-6",
  LCCN =         "QA268 .S75 1995",
  series =       "The CRC Press series on discrete mathematics and its
                 applications",
}

@Book{Stinson:2006:CTP,
  author =       "D. R. Stinson",
  title =        "Cryptography: theory and practice",
  publisher =    pub-ChapHall,
  pages =        "593",
  year =         "2006",
  ISBN-10=       "1-58488-508-4",
  ISBN-13 =      "978-1-58488-508-5",
  series =       "Discrete mathematics and its applications",
}

@Article{Wiesner:1983:CC,
  author = 	 {S. Wiesner},
  title = 	 {Conjugate coding},
  journal = 	 {Sigact News},
  year = 	 1983,
  volume =	 15,
  number =	 1,
  pages =	 {78-88},
  annote =	 {original manuscript written circa 1970},
}

@Misc{Zimmerman:1991:ZHP,
  author =       {Bob Zimmerman},
  title =	 {Home Page},
  year =         {1991},
  howpublished = {\url{http://www.philzimmermann.com}}
}

