
@techreport{AES,
institution = {National Institute of Standards and Technology},
mendeley-groups = {Crypto-Bib,Cryptography},
month = {nov},
title = {{FIPS 197 - Advanced Encryption Standard (AES)}},
year = {2001}
}

@techreport{SHA2,
institution = {National Institute of Standards and Technology},
mendeley-groups = {Crypto-Bib,Cryptography},
month = {nov},
title = {{FIPS 180-4 - Secure Hash Standard (SHA)}},
year = {2012}
}

@techreport{SHA3,
institution = {National Institute of Standards and Technology},
mendeley-groups = {Crypto-Bib,Cryptography},
month = {nov},
title = {{FIPS 202 - SHA-3 Standard: Permutation-Based Hash and Extendable-Output Functions}},
year = {2014}
}

@book{ECCBook_HankersonVanstone2004,
author = {Hankerson, Darrel and Vanstone, Scott and Menezes, Alfred J},
mendeley-groups = {Cryptography},
publisher = {Springer},
title = {{Guide to elliptic curve cryptography}},
year = {2004}
}

@book{ECCBook_CohenFreyAvanzi2010,
author = {Cohen, Henri and Frey, Gerhard and Avanzi, Roberto and Doche, Christophe and Lange, Tanja and Nguyen, Kim and Vercauteren, Frederik},
mendeley-groups = {Cryptography},
publisher = {Chapman and Hall/CRC},
title = {{Handbook of elliptic and hyperelliptic curve cryptography}},
year = {2010}
}

@misc{Langley2012,
author = {Langley, Adam},
mendeley-groups = {Crypto-Side Channel Attacks/Evaluation and Validation,Crypto-Side Channel Attacks/Automated Assessment and Protection},
title = {{Ctgrind: Checking that functions are constant time with Valgrind}},
url = {https://github.com/agl/ctgrind},
urldate = {2013-11-15},
year = {2012}
}

@inproceedings{MossOswald2012,
author = {Moss, Andrew and Oswald, Elisabeth and Page, Dan and Tunstall, Michael},
booktitle = {Cryptographic Hardware and Embedded Systems},
file = {:C$\backslash$:/Users/erick/Documents/Mendeley Desktop/Moss et al. - 2012 - Compiler Assisted Masking.pdf:pdf},
mendeley-groups = {01-PARA LER,Crypto-Bib,Crypto-Side Channel Attacks/Automated Assessment and Protection},
pages = {58--75},
title = {{Compiler Assisted Masking}},
year = {2012}
}

@techreport{GoodwillJun2011,
abstract = {NIST Workshop 2011},
author = {Goodwill, Gilbert and Jun, Benjamin and Jaffe, Josh and Rohatgi, Pankaj},
file = {:C$\backslash$:/Users/erick/Documents/Mendeley Desktop/Goodwill et al. - 2011 - A testing methodology for side ­ channel resistance validation.pdf:pdf},
institution = {CRI},
keywords = {channel testing,leakage analysis,side,t,test},
mendeley-groups = {Crypto-Side Channel Attacks/Leakage/Vulnerability Analysis/TVLA - CRI Methodology},
title = {{A testing methodology for side ­ channel resistance validation}},
year = {2011}
}

@techreport{WittemanJaffe2013,
author = {Witteman, Marc and Jaffe, Josh and Rohatgi, Pankaj},
institution = {Cryptography Research},
keywords = {channel testing,cluster analysis,rsa,side,t,test},
mendeley-groups = {Crypto-Side Channel Attacks/Evaluation and Validation},
title = {{Efficient side channel testing for public key algorithms: RSA case study}},
year = {2013}
}

@techreport{TunstallGoodwill2016,
author = {Tunstall, Michael and Goodwill, Gilbert},
file = {:C$\backslash$:/Users/erick/Downloads/513.pdf:pdf},
institution = {Eprint},
mendeley-groups = {Crypto-Side Channel Attacks/Leakage/Vulnerability Analysis/TVLA - CRI Methodology},
pages = {1--14},
title = {{Applying TVLA to Public Key Cryptographic Algorithms}},
url = {https://eprint.iacr.org/2016/513.pdf},
year = {2016}
}

@inproceedings{VeyratCharvillon2013,
author = {Veyrat-Charvillon, N and G{\'{e}}rard, B},
booktitle = {Selected Areas in Cryptography},
title = {{An optimal key enumeration algorithm and its application to side-channel attacks}},
url = {http://link.springer.com/chapter/10.1007/978-3-642-35999-6{\_}25},
year = {2013}
}

@inproceedings{LangeVrendendaalWakker2014,
author = {Lange, Tanja and van Vredendaal, Christine and Wakker, Marnix},
booktitle = {Smart Card Research and Advanced Applications},
file = {:C$\backslash$:/Users/erick/Documents/Mendeley Desktop/Lange, Vredendaal, Wakker - 2014 - Kangaroos in Side-Channel Attacks.pdf:pdf},
keywords = {pollard,pollard-kangaroo},
mendeley-groups = {Crypto-Side Channel Attacks/Key recovery with errors/Discrete Log},
mendeley-tags = {pollard,pollard-kangaroo},
organization = {CARDIS},
title = {{Kangaroos in Side-Channel Attacks}},
url = {https://eprint.iacr.org/2014/565},
year = {2014}
}

@book{SCABook_Mangard2007,
author = {Mangard, Stefan and Oswald, Elisabeth and Popp, Thomas},
mendeley-groups = {Crypto-Side Channel Attacks/Power Analysis},
publisher = {Springer},
title = {{Power analysis attacks: Revealing the secrets of smart cards}},
volume = {31},
year = {2007}
}

@inproceedings{McEvoyTunstall07,
author = {McEvoy, Robert P and Tunstall, Michael and Murphy, Colin C and Marnane, William P},
booktitle = {WISA},
mendeley-groups = {Crypto-Bib,Crypto-Side Channel Attacks/on Hash-based MACs},
pages = {317--332},
title = {{Differential Power Analysis of {\{}HMAC{\}} Based on {\{}SHA{\}}-2, and Countermeasures}},
year = {2007}
}

@techreport{BertoniDaemenAssche09,
author = {Bertoni, Guido and Daemen, Joan and Assche, Gilles Van},
file = {:C$\backslash$:/Users/erick/Documents/Mendeley Desktop/Bertoni, Daemen, Assche - Unknown - Note on side-channel attacks and their countermeasures and radiation.pdf:pdf},
mendeley-groups = {Cryptography/Hash Functions/SHA-3/Keccak/side-channels,Cryptography/Hash Functions/SHA-3/Keccak},
pages = {1--7},
title = {{Note on side-channel attacks and their countermeasures}},
year = {2009}
}



@article{danger2013synthesis, 

  title={A synthesis of side-channel attacks on elliptic curve cryptography in smart-cards}, 

  author={Danger, Jean-Luc and Guilley, Sylvain and Hoogvorst, Philippe and Murdica, C{\'e}dric and Naccache, David}, 

  journal={Journal of Cryptographic Engineering}, 

  volume={3}, 

  number={4}, 

  pages={241--265}, 

  year={2013}, 

  publisher={Springer} 

} 

 

@inproceedings{coron1999resistance, 

  title={Resistance against differential power analysis for elliptic curve cryptosystems}, 

  author={Coron, Jean-S{\'e}bastien}, 

  booktitle={International Workshop on Cryptographic Hardware and Embedded Systems}, 

  pages={292--302}, 

  year={1999}, 

  organization={Springer} 

} 

 

 

@inproceedings{medwed2008template, 

  title={Template attacks on ECDSA}, 

  author={Medwed, Marcel and Oswald, Elisabeth}, 

  booktitle={International Workshop on Information Security Applications}, 

  pages={14--27}, 

  year={2008}, 

  organization={Springer} 

} 

 

 

@inproceedings{witteman2011defeating, 

  title={Defeating RSA multiply-always and message blinding countermeasures}, 

  author={Witteman, Marc F and van Woudenberg, Jasper GJ and Menarini, Federico}, 

  booktitle={Cryptographers’ Track at the RSA Conference}, 

  pages={77--88}, 

  year={2011}, 

  organization={Springer} 

} 

 

 

@inproceedings{heyszl2013clustering, 

  title={Clustering algorithms for non-profiled single-execution attacks on exponentiations}, 

  author={Heyszl, Johann and Ibing, Andreas and Mangard, Stefan and De Santis, Fabrizio and Sigl, Georg}, 

  booktitle={International Conference on Smart Card Research and Advanced Applications}, 

  pages={79--93}, 

  year={2013}, 

  organization={Springer} 

} 

 

@inproceedings{perin2015semi, 

  title={A Semi-Parametric Approach for Side-Channel Attacks on Protected RSA Implementations}, 

  author={Perin, Guilherme and Chmielewski, {\L}ukasz}, 

  booktitle={International Conference on Smart Card Research and Advanced Applications}, 

  pages={34--53}, 

  year={2015}, 

  organization={Springer} 

} 


@InProceedings{Kocher96,
  Title                    = {Timing Attacks on Implementations of Diffie-Hellman, RSA, DSS, and Other Systems},
  Author                   = {Paul C. Kocher},
  Booktitle                = {16th Annual International Cryptology Conference (CRYPTO 1996)},
  Year                     = {1996},
  Editor                   = {Neal Koblitz},
  Pages                    = {104-113},
  Publisher                = {Springer},
  Series                   = {LNCS},
  Volume                   = {1109}
}
